<record><leader>00000cas a2200000 a 4500</leader><controlfield tag="001">53040678</controlfield><controlfield tag="008">030917d19uu2001nyuwr ne      0    0eng c</controlfield><datafield ind1=" " ind2=" " tag="010"><subfield code="a">sn2003060455</subfield></datafield><datafield ind1=" " ind2=" " tag="040"><subfield code="a">NYS</subfield><subfield code="b">eng</subfield><subfield code="c">NYS</subfield><subfield code="d">OCLCQ</subfield><subfield code="d">OCLCF</subfield><subfield code="d">OCLCO</subfield></datafield><datafield ind1="1" ind2=" " tag="029"><subfield code="a">AU@</subfield><subfield code="b">000024963965</subfield></datafield><datafield ind1=" " ind2=" " tag="042"><subfield code="a">pcc</subfield></datafield><datafield ind1=" " ind2=" " tag="043"><subfield code="a">n-us-ny</subfield></datafield><datafield ind1="0" ind2=" " tag="130"><subfield code="a">Westmore news (Port Chester, N.Y. : Rye Brook ed.)</subfield></datafield><datafield ind1="1" ind2="0" tag="245"><subfield code="a">Westmore news.</subfield></datafield><datafield ind1="1" ind2="3" tag="246"><subfield code="a">Rye Brook Westmore news</subfield><subfield code="f">2001</subfield></datafield><datafield ind1=" " ind2=" " tag="250"><subfield code="a">Rye Brook ed.</subfield></datafield><datafield ind1=" " ind2=" " tag="260"><subfield code="a">Port Chester, N.Y. :</subfield><subfield code="b">Westmore News, Inc.</subfield></datafield><datafield ind1=" " ind2=" " tag="300"><subfield code="a">v. :</subfield><subfield code="b">ill. ;</subfield><subfield code="c">43 cm.</subfield></datafield><datafield ind1=" " ind2=" " tag="310"><subfield code="a">Weekly</subfield></datafield><datafield ind1="0" ind2=" " tag="362"><subfield code="a">-v. 37, no. 3 (Jan. 19, 2001).</subfield></datafield><datafield ind1=" " ind2=" " tag="500"><subfield code="a">"Serving Rye Brook, NY since its creation."</subfield></datafield><datafield ind1=" " ind2=" " tag="500"><subfield code="a">Published every Friday.</subfield></datafield><datafield ind1=" " ind2=" " tag="588"><subfield code="a">Description based on: Vol. 36, no. 5 (Feb. 4/11, 2000).</subfield></datafield><datafield ind1=" " ind2="0" tag="651"><subfield code="a">Rye Brook (N.Y.)</subfield><subfield code="v">Newspapers.</subfield></datafield><datafield ind1=" " ind2="0" tag="651"><subfield code="a">Westchester County (N.Y.)</subfield><subfield code="v">Newspapers.</subfield></datafield><datafield ind1=" " ind2="7" tag="655"><subfield code="a">Newspapers.</subfield><subfield code="2">fast</subfield><subfield code="0">(OCoLC)fst01423814</subfield></datafield><datafield ind1=" " ind2="7" tag="651"><subfield code="a">New York (State)</subfield><subfield code="z">Rye Brook.</subfield><subfield code="2">fast</subfield><subfield code="0">(OCoLC)fst01248359</subfield></datafield><datafield ind1=" " ind2="7" tag="651"><subfield code="a">New York (State)</subfield><subfield code="z">Westchester County.</subfield><subfield code="2">fast</subfield><subfield code="0">(OCoLC)fst01202684</subfield></datafield><datafield ind1=" " ind2=" " tag="752"><subfield code="a">United States</subfield><subfield code="b">New York</subfield><subfield code="c">Westchester</subfield><subfield code="d">Port Chester.</subfield></datafield><datafield ind1="0" ind2=" " tag="775"><subfield code="t">Westmore news (Port Chester, N.Y.)</subfield><subfield code="w">(DLC)sn2003060454</subfield><subfield code="w">(OCoLC)39341754</subfield></datafield><datafield ind1="0" ind2="0" tag="785"><subfield code="t">Rye Brook Westmore news</subfield><subfield code="w">(DLC)sn2003060457</subfield><subfield code="w">(OCoLC)53041408</subfield></datafield></record>